<?xml version="1.0" encoding="UTF-8"?><collection xmlns="http://www.loc.gov/MARC21/slim"><record><leader>00536nam--2200193-u-4500</leader><controlfield tag="001">000050324</controlfield><controlfield tag="002">20161230</controlfield><controlfield tag="005">20161230201048</controlfield><controlfield tag="008">060531s1000------------r-----000-0-eng-d</controlfield><datafield ind1=" " ind2=" " tag="020"><subfield code="a">0198509529</subfield></datafield><datafield ind1=" " ind2=" " tag="040"><subfield code="a">IFIN-HH</subfield></datafield><datafield ind1=" " ind2=" " tag="080"><subfield code="a">539.12:523:524(075)</subfield></datafield><datafield ind1="1" ind2=" " tag="100"><subfield code="a">Perkins, D</subfield></datafield><datafield ind1="1" ind2="0" tag="245"><subfield code="a">Particle astrophysics</subfield><subfield code="c">D. perkins</subfield></datafield><datafield ind1=" " ind2=" " tag="260"><subfield code="a">Oxford</subfield><subfield code="b">Oxford University Press</subfield><subfield code="c">2003</subfield></datafield><datafield ind1=" " ind2=" " tag="300"><subfield code="a">XII+256 p</subfield></datafield><datafield ind1=" " ind2=" " tag="490"><subfield code="a">Oxfors Master Series In Particles, Astrophysics And Cosmology</subfield></datafield><datafield ind1=" " ind2=" " tag="852"><subfield code="a">81680</subfield><subfield code="c">523</subfield></datafield><datafield ind1=" " ind2=" " tag="CAT"><subfield code="a">Sys</subfield><subfield code="c">20141210</subfield><subfield code="h">161534</subfield></datafield></record></collection>